<record><leader>00000cas a22000007a 4500</leader><controlfield tag="001">51251549</controlfield><controlfield tag="008">021219c20029999ncuwr n       0   a0eng c</controlfield><datafield ind1=" " ind2=" " tag="010"><subfield code="a">  2002215408</subfield></datafield><datafield ind1=" " ind2=" " tag="040"><subfield code="a">NSD</subfield><subfield code="b">eng</subfield><subfield code="c">NSD</subfield><subfield code="d">OCLCQ</subfield></datafield><datafield ind1=" " ind2=" " tag="012"><subfield code="k">1</subfield><subfield code="l">1</subfield></datafield><datafield ind1="0" ind2=" " tag="022"><subfield code="a">1542-9482</subfield><subfield code="l">1542-9482</subfield><subfield code="2">1</subfield></datafield><datafield ind1=" " ind2=" " tag="037"><subfield code="b">Patriot Office, 6520 Bryan Blvd., Greensboro, NC 27409</subfield><subfield code="c">$29.95</subfield></datafield><datafield ind1=" " ind2=" " tag="042"><subfield code="a">pcc</subfield><subfield code="a">nsdp</subfield></datafield><datafield ind1="1" ind2="0" tag="050"><subfield code="a">ISSN RECORD</subfield></datafield><datafield ind1=" " ind2="4" tag="222"><subfield code="a">The Northwest Guilford news</subfield></datafield><datafield ind1="0" ind2="4" tag="245"><subfield code="a">The Northwest Guilford news.</subfield></datafield><datafield ind1=" " ind2=" " tag="260"><subfield code="a">Greensboro, NC :</subfield><subfield code="b">Patriot Pub. Co.</subfield></datafield><datafield ind1=" " ind2=" " tag="310"><subfield code="a">Weekly</subfield></datafield><datafield ind1="1" ind2=" " tag="362"><subfield code="a">Began in 2002.</subfield></datafield><datafield ind1=" " ind2=" " tag="588"><subfield code="a">Description based on: Dec. 20, 2002.</subfield></datafield><datafield ind1="1" ind2=" " tag="029"><subfield code="a">AU@</subfield><subfield code="b">000024322109</subfield></datafield></record>